<record><leader>00000cas a2200000 a 4500</leader><controlfield tag="001">15389425</controlfield><controlfield tag="007">hd afa---baca</controlfield><controlfield tag="007">hd bfa---baaa</controlfield><controlfield tag="008">870327d19811989dcuwr nea     0    0spa  </controlfield><datafield ind1=" " ind2=" " tag="010"><subfield code="a">sn2005058047</subfield><subfield code="z">sf 87090995 </subfield></datafield><datafield ind1=" " ind2=" " tag="040"><subfield code="a">DLC</subfield><subfield code="b">eng</subfield><subfield code="c">DLC</subfield><subfield code="d">OCLCQ</subfield><subfield code="d">DLC</subfield><subfield code="d">OCLCO</subfield><subfield code="d">OCLCQ</subfield><subfield code="d">OCLCF</subfield><subfield code="d">OCLCQ</subfield></datafield><datafield ind1=" " ind2=" " tag="042"><subfield code="a">pcc</subfield></datafield><datafield ind1=" " ind2=" " tag="043"><subfield code="a">s-ag---</subfield></datafield><datafield ind1="0" ind2="0" tag="050"><subfield code="a">Newspaper</subfield></datafield><datafield ind1="0" ind2=" " tag="130"><subfield code="a">Que&#769; pasa (Buenos Aires, Argentina)</subfield></datafield><datafield ind1="1" ind2="0" tag="245"><subfield code="a">Que&#769; pasa.</subfield></datafield><datafield ind1="1" ind2="7" tag="246"><subfield code="a">QP</subfield></datafield><datafield ind1=" " ind2=" " tag="260"><subfield code="a">[Buenos Aires] :</subfield><subfield code="b">[Orientacion SRL]</subfield></datafield><datafield ind1=" " ind2=" " tag="300"><subfield code="a">volumes :</subfield><subfield code="b">illustrations ;</subfield><subfield code="c">40 cm</subfield></datafield><datafield ind1=" " ind2=" " tag="310"><subfield code="a">Weekly</subfield></datafield><datafield ind1=" " ind2=" " tag="336"><subfield code="a">text</subfield><subfield code="b">txt</subfield><subfield code="2">rdacontent</subfield></datafield><datafield ind1=" " ind2=" " tag="337"><subfield code="a">microform</subfield><subfield code="b">h</subfield><subfield code="2">rdamedia</subfield></datafield><datafield ind1="0" ind2=" " tag="362"><subfield code="a">An&#771;o 1, no. 1 (11 de feb. de 1981)-</subfield></datafield><datafield ind1=" " ind2=" " tag="500"><subfield code="a">"Semanario del Partido Comunista."</subfield></datafield><datafield ind1=" " ind2=" " tag="588"><subfield code="a">Latest issue consulted: An&#771;o 9, no. 445 (12 de oct. de 1989).</subfield></datafield><datafield ind1=" " ind2=" " tag="533"><subfield code="a">Microfilm.</subfield><subfield code="b">Washington, D.C. :</subfield><subfield code="c">Library of Congress Preservation Microfilming Program :</subfield><subfield code="c">Available from Library of Congress Photoduplication Service.</subfield></datafield><datafield ind1=" " ind2="0" tag="651"><subfield code="a">Buenos Aires (Argentina)</subfield><subfield code="v">Newspapers.</subfield></datafield><datafield ind1=" " ind2="7" tag="651"><subfield code="a">Argentina</subfield><subfield code="z">Buenos Aires.</subfield><subfield code="2">fast</subfield><subfield code="0">(OCoLC)fst01205786</subfield></datafield><datafield ind1=" " ind2="7" tag="655"><subfield code="a">Newspapers.</subfield><subfield code="2">fast</subfield><subfield code="0">(OCoLC)fst01423814</subfield></datafield><datafield ind1="1" ind2=" " tag="776"><subfield code="c">Original</subfield><subfield code="w">(DLC)sn 87020378</subfield><subfield code="w">(OCoLC)14448398</subfield></datafield><datafield ind1="0" ind2="0" tag="785"><subfield code="t">Nuestra propuesta</subfield><subfield code="w">(DLC)sn2005058048</subfield><subfield code="w">(OCoLC)30949460</subfield></datafield><datafield ind1="1" ind2=" " tag="029"><subfield code="a">AU@</subfield><subfield code="b">000011275267</subfield></datafield></record>